%YAML 1.1
%TAG !u! tag:unity3d.com,2011:
--- !u!29 &1
OcclusionCullingSettings:
  m_ObjectHideFlags: 0
  serializedVersion: 2
  m_OcclusionBakeSettings:
    smallestOccluder: 5
    smallestHole: 0.25
    backfaceThreshold: 100
  m_SceneGUID: 00000000000000000000000000000000
  m_OcclusionCullingData: {fileID: 0}
--- !u!104 &2
RenderSettings:
  m_ObjectHideFlags: 0
  serializedVersion: 9
  m_Fog: 0
  m_FogColor: {r: 0.5, g: 0.5, b: 0.5, a: 1}
  m_FogMode: 3
  m_FogDensity: 0.01
  m_LinearFogStart: 0
  m_LinearFogEnd: 300
  m_AmbientSkyColor: {r: 0.212, g: 0.227, b: 0.259, a: 1}
  m_AmbientEquatorColor: {r: 0.114, g: 0.125, b: 0.133, a: 1}
  m_AmbientGroundColor: {r: 0.047, g: 0.043, b: 0.035, a: 1}
  m_AmbientIntensity: 1
  m_AmbientMode: 3
  m_SubtractiveShadowColor: {r: 0.42, g: 0.478, b: 0.627, a: 1}
  m_SkyboxMaterial: {fileID: 0}
  m_HaloStrength: 0.5
  m_FlareStrength: 1
  m_FlareFadeSpeed: 3
  m_HaloTexture: {fileID: 0}
  m_SpotCookie: {fileID: 10001, guid: 0000000000000000e000000000000000, type: 0}
  m_DefaultReflectionMode: 0
  m_DefaultReflectionResolution: 128
  m_ReflectionBounces: 1
  m_ReflectionIntensity: 1
  m_CustomReflection: {fileID: 0}
  m_Sun: {fileID: 0}
  m_IndirectSpecularColor: {r: 0, g: 0, b: 0, a: 1}
  m_UseRadianceAmbientProbe: 0
--- !u!157 &3
LightmapSettings:
  m_ObjectHideFlags: 0
  serializedVersion: 11
  m_GIWorkflowMode: 1
  m_GISettings:
    serializedVersion: 2
    m_BounceScale: 1
    m_IndirectOutputScale: 1
    m_AlbedoBoost: 1
    m_EnvironmentLightingMode: 0
    m_EnableBakedLightmaps: 0
    m_EnableRealtimeLightmaps: 0
  m_LightmapEditorSettings:
    serializedVersion: 12
    m_Resolution: 2
    m_BakeResolution: 40
    m_AtlasSize: 1024
    m_AO: 0
    m_AOMaxDistance: 1
    m_CompAOExponent: 1
    m_CompAOExponentDirect: 0
    m_ExtractAmbientOcclusion: 0
    m_Padding: 2
    m_LightmapParameters: {fileID: 0}
    m_LightmapsBakeMode: 1
    m_TextureCompression: 1
    m_FinalGather: 0
    m_FinalGatherFiltering: 1
    m_FinalGatherRayCount: 256
    m_ReflectionCompression: 2
    m_MixedBakeMode: 2
    m_BakeBackend: 1
    m_PVRSampling: 1
    m_PVRDirectSampleCount: 32
    m_PVRSampleCount: 512
    m_PVRBounces: 2
    m_PVREnvironmentSampleCount: 256
    m_PVREnvironmentReferencePointCount: 2048
    m_PVRFilteringMode: 1
    m_PVRDenoiserTypeDirect: 1
    m_PVRDenoiserTypeIndirect: 1
    m_PVRDenoiserTypeAO: 1
    m_PVRFilterTypeDirect: 0
    m_PVRFilterTypeIndirect: 0
    m_PVRFilterTypeAO: 0
    m_PVREnvironmentMIS: 1
    m_PVRCulling: 1
    m_PVRFilteringGaussRadiusDirect: 1
    m_PVRFilteringGaussRadiusIndirect: 5
    m_PVRFilteringGaussRadiusAO: 2
    m_PVRFilteringAtrousPositionSigmaDirect: 0.5
    m_PVRFilteringAtrousPositionSigmaIndirect: 2
    m_PVRFilteringAtrousPositionSigmaAO: 1
    m_ExportTrainingData: 0
    m_TrainingDataDestination: TrainingData
    m_LightProbeSampleCountMultiplier: 4
  m_LightingDataAsset: {fileID: 0}
  m_UseShadowmask: 1
--- !u!196 &4
NavMeshSettings:
  serializedVersion: 2
  m_ObjectHideFlags: 0
  m_BuildSettings:
    serializedVersion: 2
    agentTypeID: 0
    agentRadius: 0.5
    agentHeight: 2
    agentSlope: 45
    agentClimb: 0.4
    ledgeDropHeight: 0
    maxJumpAcrossDistance: 0
    minRegionArea: 2
    manualCellSize: 0
    cellSize: 0.16666667
    manualTileSize: 0
    tileSize: 256
    accuratePlacement: 0
    debug:
      m_Flags: 0
  m_NavMeshData: {fileID: 0}
--- !u!1 &143993439 stripped
GameObject:
  m_CorrespondingSourceObject: {fileID: 7727341992351092862, guid: 38d0c774b701a34409363f1c985b1062,
    type: 3}
  m_PrefabInstance: {fileID: 800174647}
  m_PrefabAsset: {fileID: 0}
--- !u!95 &143993441
Animator:
  serializedVersion: 3
  m_ObjectHideFlags: 0
  m_CorrespondingSourceObject: {fileID: 0}
  m_PrefabInstance: {fileID: 0}
  m_PrefabAsset: {fileID: 0}
  m_GameObject: {fileID: 143993439}
  m_Enabled: 1
  m_Avatar: {fileID: 0}
  m_Controller: {fileID: 9100000, guid: 9b095acd34178c9429fca6112f97c476, type: 2}
  m_CullingMode: 0
  m_UpdateMode: 0
  m_ApplyRootMotion: 0
  m_LinearVelocityBlending: 0
  m_WarningMessage: 
  m_HasTransformHierarchy: 1
  m_AllowConstantClipSamplingOptimization: 1
  m_KeepAnimatorControllerStateOnDisable: 0
--- !u!111 &143993442
Animation:
  m_ObjectHideFlags: 0
  m_CorrespondingSourceObject: {fileID: 0}
  m_PrefabInstance: {fileID: 0}
  m_PrefabAsset: {fileID: 0}
  m_GameObject: {fileID: 143993439}
  m_Enabled: 1
  serializedVersion: 3
  m_Animation: {fileID: 7400000, guid: 5d38a0f1cfe1f714a928f349d5bbd6a9, type: 2}
  m_Animations:
  - {fileID: 7400000, guid: cb12d60281d359847b01e5e765e0e175, type: 2}
  - {fileID: 7400000, guid: 5d38a0f1cfe1f714a928f349d5bbd6a9, type: 2}
  - {fileID: 7400000, guid: 8bbf8fcfcc61a8b428436ad100310294, type: 2}
  m_WrapMode: 0
  m_PlayAutomatically: 1
  m_AnimatePhysics: 0
  m_CullingType: 0
--- !u!1001 &800174647
PrefabInstance:
  m_ObjectHideFlags: 0
  serializedVersion: 2
  m_Modification:
    m_TransformParent: {fileID: 0}
    m_Modifications:
    - target: {fileID: -9199880233283582990, guid: 38d0c774b701a34409363f1c985b1062,
        type: 3}
      propertyPath: m_IsActive
      value: 0
      objectReference: {fileID: 0}
    - target: {fileID: -9048524070719828033, guid: 38d0c774b701a34409363f1c985b1062,
        type: 3}
      propertyPath: m_LocalRotation.x
      value: 0
      objectReference: {fileID: 0}
    - target: {fileID: -9048524070719828033, guid: 38d0c774b701a34409363f1c985b1062,
        type: 3}
      propertyPath: m_LocalRotation.z
      value: 0.999092
      objectReference: {fileID: 0}
    - target: {fileID: -9048524070719828033, guid: 38d0c774b701a34409363f1c985b1062,
        type: 3}
      propertyPath: m_LocalRotation.w
      value: 0.042605806
      objectReference: {fileID: 0}
    - target: {fileID: -9048524070719828033, guid: 38d0c774b701a34409363f1c985b1062,
        type: 3}
      propertyPath: m_LocalEulerAnglesHint.z
      value: 0
      objectReference: {fileID: 0}
    - target: {fileID: -8550647609242411672, guid: 38d0c774b701a34409363f1c985b1062,
        type: 3}
      propertyPath: m_LocalRotation.x
      value: 0
      objectReference: {fileID: 0}
    - target: {fileID: -8550647609242411672, guid: 38d0c774b701a34409363f1c985b1062,
        type: 3}
      propertyPath: m_LocalRotation.y
      value: 0
      objectReference: {fileID: 0}
    - target: {fileID: -8550647609242411672, guid: 38d0c774b701a34409363f1c985b1062,
        type: 3}
      propertyPath: m_LocalRotation.z
      value: 0.48927757
      objectReference: {fileID: 0}
    - target: {fileID: -8550647609242411672, guid: 38d0c774b701a34409363f1c985b1062,
        type: 3}
      propertyPath: m_LocalRotation.w
      value: 0.8721281
      objectReference: {fileID: 0}
    - target: {fileID: -8550647609242411672, guid: 38d0c774b701a34409363f1c985b1062,
        type: 3}
      propertyPath: m_LocalEulerAnglesHint.z
      value: 0
      objectReference: {fileID: 0}
    - target: {fileID: -8550647609242411672, guid: 38d0c774b701a34409363f1c985b1062,
        type: 3}
      propertyPath: m_LocalPosition.x
      value: 0.5809794
      objectReference: {fileID: 0}
    - target: {fileID: -8550647609242411672, guid: 38d0c774b701a34409363f1c985b1062,
        type: 3}
      propertyPath: m_LocalPosition.y
      value: 0.001522535
      objectReference: {fileID: 0}
    - target: {fileID: -8550647609242411672, guid: 38d0c774b701a34409363f1c985b1062,
        type: 3}
      propertyPath: m_LocalPosition.z
      value: 0.069999106
      objectReference: {fileID: 0}
    - target: {fileID: -7791557076737956254, guid: 38d0c774b701a34409363f1c985b1062,
        type: 3}
      propertyPath: m_IsActive
      value: 1
      objectReference: {fileID: 0}
    - target: {fileID: -7421624937607506867, guid: 38d0c774b701a34409363f1c985b1062,
        type: 3}
      propertyPath: m_IsActive
      value: 0
      objectReference: {fileID: 0}
    - target: {fileID: -7186543727521733923, guid: 38d0c774b701a34409363f1c985b1062,
        type: 3}
      propertyPath: m_LocalRotation.x
      value: 0
      objectReference: {fileID: 0}
    - target: {fileID: -7186543727521733923, guid: 38d0c774b701a34409363f1c985b1062,
        type: 3}
      propertyPath: m_LocalRotation.z
      value: -0.89039314
      objectReference: {fileID: 0}
    - target: {fileID: -7186543727521733923, guid: 38d0c774b701a34409363f1c985b1062,
        type: 3}
      propertyPath: m_LocalRotation.w
      value: 0.4551924
      objectReference: {fileID: 0}
    - target: {fileID: -7186543727521733923, guid: 38d0c774b701a34409363f1c985b1062,
        type: 3}
      propertyPath: m_LocalEulerAnglesHint.z
      value: 0
      objectReference: {fileID: 0}
    - target: {fileID: -7186543727521733923, guid: 38d0c774b701a34409363f1c985b1062,
        type: 3}
      propertyPath: m_LocalPosition.x
      value: -0.07891272
      objectReference: {fileID: 0}
    - target: {fileID: -7186543727521733923, guid: 38d0c774b701a34409363f1c985b1062,
        type: 3}
      propertyPath: m_LocalPosition.y
      value: -0.20172025
      objectReference: {fileID: 0}
    - target: {fileID: -7186543727521733923, guid: 38d0c774b701a34409363f1c985b1062,
        type: 3}
      propertyPath: m_LocalPosition.z
      value: 0.03
      objectReference: {fileID: 0}
    - target: {fileID: -7037122831997362560, guid: 38d0c774b701a34409363f1c985b1062,
        type: 3}
      propertyPath: m_IsActive
      value: 0
      objectReference: {fileID: 0}
    - target: {fileID: -6722061125920890787, guid: 38d0c774b701a34409363f1c985b1062,
        type: 3}
      propertyPath: m_LocalPosition.x
      value: -0.020724077
      objectReference: {fileID: 0}
    - target: {fileID: -6722061125920890787, guid: 38d0c774b701a34409363f1c985b1062,
        type: 3}
      propertyPath: m_LocalPosition.y
      value: -0.24972913
      objectReference: {fileID: 0}
    - target: {fileID: -6722061125920890787, guid: 38d0c774b701a34409363f1c985b1062,
        type: 3}
      propertyPath: m_LocalPosition.z
      value: 0.040000018
      objectReference: {fileID: 0}
    - target: {fileID: -6097522005080580797, guid: 38d0c774b701a34409363f1c985b1062,
        type: 3}
      propertyPath: m_LocalPosition.x
      value: 0.230816
      objectReference: {fileID: 0}
    - target: {fileID: -6097522005080580797, guid: 38d0c774b701a34409363f1c985b1062,
        type: 3}
      propertyPath: m_LocalPosition.y
      value: 0.41184688
      objectReference: {fileID: 0}
    - target: {fileID: -6097522005080580797, guid: 38d0c774b701a34409363f1c985b1062,
        type: 3}
      propertyPath: m_LocalPosition.z
      value: 0.060000006
      objectReference: {fileID: 0}
    - target: {fileID: -6097522005080580797, guid: 38d0c774b701a34409363f1c985b1062,
        type: 3}
      propertyPath: m_LocalRotation.x
      value: 0
      objectReference: {fileID: 0}
    - target: {fileID: -6097522005080580797, guid: 38d0c774b701a34409363f1c985b1062,
        type: 3}
      propertyPath: m_LocalRotation.z
      value: 0.9962044
      objectReference: {fileID: 0}
    - target: {fileID: -6097522005080580797, guid: 38d0c774b701a34409363f1c985b1062,
        type: 3}
      propertyPath: m_LocalRotation.w
      value: 0.08704524
      objectReference: {fileID: 0}
    - target: {fileID: -6097522005080580797, guid: 38d0c774b701a34409363f1c985b1062,
        type: 3}
      propertyPath: m_LocalEulerAnglesHint.z
      value: 0
      objectReference: {fileID: 0}
    - target: {fileID: -5696909375036687725, guid: 38d0c774b701a34409363f1c985b1062,
        type: 3}
      propertyPath: m_LocalPosition.x
      value: 0.14588156
      objectReference: {fileID: 0}
    - target: {fileID: -5696909375036687725, guid: 38d0c774b701a34409363f1c985b1062,
        type: 3}
      propertyPath: m_LocalPosition.y
      value: 0.3510052
      objectReference: {fileID: 0}
    - target: {fileID: -5696909375036687725, guid: 38d0c774b701a34409363f1c985b1062,
        type: 3}
      propertyPath: m_LocalPosition.z
      value: 0.04
      objectReference: {fileID: 0}
    - target: {fileID: -5696909375036687725, guid: 38d0c774b701a34409363f1c985b1062,
        type: 3}
      propertyPath: m_LocalRotation.x
      value: 0
      objectReference: {fileID: 0}
    - target: {fileID: -5696909375036687725, guid: 38d0c774b701a34409363f1c985b1062,
        type: 3}
      propertyPath: m_LocalRotation.z
      value: 0.87219554
      objectReference: {fileID: 0}
    - target: {fileID: -5696909375036687725, guid: 38d0c774b701a34409363f1c985b1062,
        type: 3}
      propertyPath: m_LocalRotation.w
      value: 0.48915735
      objectReference: {fileID: 0}
    - target: {fileID: -5696909375036687725, guid: 38d0c774b701a34409363f1c985b1062,
        type: 3}
      propertyPath: m_LocalEulerAnglesHint.z
      value: 0
      objectReference: {fileID: 0}
    - target: {fileID: -5683591792054802649, guid: 38d0c774b701a34409363f1c985b1062,
        type: 3}
      propertyPath: m_LocalRotation.x
      value: 0
      objectReference: {fileID: 0}
    - target: {fileID: -5683591792054802649, guid: 38d0c774b701a34409363f1c985b1062,
        type: 3}
      propertyPath: m_LocalRotation.y
      value: 0
      objectReference: {fileID: 0}
    - target: {fileID: -5683591792054802649, guid: 38d0c774b701a34409363f1c985b1062,
        type: 3}
      propertyPath: m_LocalRotation.z
      value: 0
      objectReference: {fileID: 0}
    - target: {fileID: -5683591792054802649, guid: 38d0c774b701a34409363f1c985b1062,
        type: 3}
      propertyPath: m_LocalRotation.w
      value: 1
      objectReference: {fileID: 0}
    - target: {fileID: -5683591792054802649, guid: 38d0c774b701a34409363f1c985b1062,
        type: 3}
      propertyPath: m_LocalEulerAnglesHint.z
      value: 0
      objectReference: {fileID: 0}
    - target: {fileID: -5683591792054802649, guid: 38d0c774b701a34409363f1c985b1062,
        type: 3}
      propertyPath: m_LocalPosition.x
      value: -0.051232997
      objectReference: {fileID: 0}
    - target: {fileID: -5683591792054802649, guid: 38d0c774b701a34409363f1c985b1062,
        type: 3}
      propertyPath: m_LocalPosition.y
      value: -0.6024263
      objectReference: {fileID: 0}
    - target: {fileID: -5672337735574910314, guid: 38d0c774b701a34409363f1c985b1062,
        type: 3}
      propertyPath: m_LocalPosition.x
      value: 0.15476108
      objectReference: {fileID: 0}
    - target: {fileID: -5672337735574910314, guid: 38d0c774b701a34409363f1c985b1062,
        type: 3}
      propertyPath: m_LocalPosition.y
      value: 0.3518519
      objectReference: {fileID: 0}
    - target: {fileID: -5672337735574910314, guid: 38d0c774b701a34409363f1c985b1062,
        type: 3}
      propertyPath: m_LocalPosition.z
      value: 0.039999995
      objectReference: {fileID: 0}
    - target: {fileID: -5445393463633876504, guid: 38d0c774b701a34409363f1c985b1062,
        type: 3}
      propertyPath: m_LocalPosition.x
      value: 0.20535211
      objectReference: {fileID: 0}
    - target: {fileID: -5445393463633876504, guid: 38d0c774b701a34409363f1c985b1062,
        type: 3}
      propertyPath: m_LocalPosition.y
      value: 0.13737151
      objectReference: {fileID: 0}
    - target: {fileID: -5445393463633876504, guid: 38d0c774b701a34409363f1c985b1062,
        type: 3}
      propertyPath: m_LocalRotation.x
      value: -0
      objectReference: {fileID: 0}
    - target: {fileID: -5445393463633876504, guid: 38d0c774b701a34409363f1c985b1062,
        type: 3}
      propertyPath: m_LocalRotation.y
      value: -0
      objectReference: {fileID: 0}
    - target: {fileID: -5445393463633876504, guid: 38d0c774b701a34409363f1c985b1062,
        type: 3}
      propertyPath: m_LocalRotation.z
      value: -0.37552416
      objectReference: {fileID: 0}
    - target: {fileID: -5445393463633876504, guid: 38d0c774b701a34409363f1c985b1062,
        type: 3}
      propertyPath: m_LocalRotation.w
      value: 0.9268126
      objectReference: {fileID: 0}
    - target: {fileID: -5445393463633876504, guid: 38d0c774b701a34409363f1c985b1062,
        type: 3}
      propertyPath: m_LocalEulerAnglesHint.z
      value: -44.113003
      objectReference: {fileID: 0}
    - target: {fileID: -5445393463633876504, guid: 38d0c774b701a34409363f1c985b1062,
        type: 3}
      propertyPath: m_LocalPosition.z
      value: 0.07
      objectReference: {fileID: 0}
    - target: {fileID: -5294427045807593481, guid: 38d0c774b701a34409363f1c985b1062,
        type: 3}
      propertyPath: m_LocalRotation.x
      value: 0
      objectReference: {fileID: 0}
    - target: {fileID: -5294427045807593481, guid: 38d0c774b701a34409363f1c985b1062,
        type: 3}
      propertyPath: m_LocalRotation.y
      value: 0
      objectReference: {fileID: 0}
    - target: {fileID: -5294427045807593481, guid: 38d0c774b701a34409363f1c985b1062,
        type: 3}
      propertyPath: m_LocalRotation.z
      value: 0.0071762395
      objectReference: {fileID: 0}
    - target: {fileID: -5294427045807593481, guid: 38d0c774b701a34409363f1c985b1062,
        type: 3}
      propertyPath: m_LocalRotation.w
      value: 0.99997425
      objectReference: {fileID: 0}
    - target: {fileID: -5294427045807593481, guid: 38d0c774b701a34409363f1c985b1062,
        type: 3}
      propertyPath: m_LocalEulerAnglesHint.z
      value: 0
      objectReference: {fileID: 0}
    - target: {fileID: -5256564059499690587, guid: 38d0c774b701a34409363f1c985b1062,
        type: 3}
      propertyPath: m_LocalPosition.x
      value: 0.21384704
      objectReference: {fileID: 0}
    - target: {fileID: -5256564059499690587, guid: 38d0c774b701a34409363f1c985b1062,
        type: 3}
      propertyPath: m_LocalPosition.y
      value: -0.06598452
      objectReference: {fileID: 0}
    - target: {fileID: -5256564059499690587, guid: 38d0c774b701a34409363f1c985b1062,
        type: 3}
      propertyPath: m_LocalPosition.z
      value: 0.070000015
      objectReference: {fileID: 0}
    - target: {fileID: -4185578548779570579, guid: 38d0c774b701a34409363f1c985b1062,
        type: 3}
      propertyPath: m_LocalPosition.x
      value: 0.27241245
      objectReference: {fileID: 0}
    - target: {fileID: -4185578548779570579, guid: 38d0c774b701a34409363f1c985b1062,
        type: 3}
      propertyPath: m_LocalPosition.y
      value: 0.04876234
      objectReference: {fileID: 0}
    - target: {fileID: -4185578548779570579, guid: 38d0c774b701a34409363f1c985b1062,
        type: 3}
      propertyPath: m_LocalPosition.z
      value: 0.06
      objectReference: {fileID: 0}
    - target: {fileID: -4185578548779570579, guid: 38d0c774b701a34409363f1c985b1062,
        type: 3}
      propertyPath: m_LocalRotation.x
      value: 0
      objectReference: {fileID: 0}
    - target: {fileID: -4185578548779570579, guid: 38d0c774b701a34409363f1c985b1062,
        type: 3}
      propertyPath: m_LocalRotation.y
      value: 0
      objectReference: {fileID: 0}
    - target: {fileID: -4185578548779570579, guid: 38d0c774b701a34409363f1c985b1062,
        type: 3}
      propertyPath: m_LocalRotation.z
      value: -0.6311811
      objectReference: {fileID: 0}
    - target: {fileID: -4185578548779570579, guid: 38d0c774b701a34409363f1c985b1062,
        type: 3}
      propertyPath: m_LocalRotation.w
      value: 0.7756355
      objectReference: {fileID: 0}
    - target: {fileID: -4185578548779570579, guid: 38d0c774b701a34409363f1c985b1062,
        type: 3}
      propertyPath: m_LocalEulerAnglesHint.z
      value: 0
      objectReference: {fileID: 0}
    - target: {fileID: -4172114125382450961, guid: 38d0c774b701a34409363f1c985b1062,
        type: 3}
      propertyPath: m_IsActive
      value: 0
      objectReference: {fileID: 0}
    - target: {fileID: -3918695370613156333, guid: 38d0c774b701a34409363f1c985b1062,
        type: 3}
      propertyPath: m_LocalPosition.x
      value: 0.2269172
      objectReference: {fileID: 0}
    - target: {fileID: -3918695370613156333, guid: 38d0c774b701a34409363f1c985b1062,
        type: 3}
      propertyPath: m_LocalPosition.y
      value: 0.07820746
      objectReference: {fileID: 0}
    - target: {fileID: -3918695370613156333, guid: 38d0c774b701a34409363f1c985b1062,
        type: 3}
      propertyPath: m_LocalRotation.x
      value: 0
      objectReference: {fileID: 0}
    - target: {fileID: -3918695370613156333, guid: 38d0c774b701a34409363f1c985b1062,
        type: 3}
      propertyPath: m_LocalRotation.y
      value: 0
      objectReference: {fileID: 0}
    - target: {fileID: -3918695370613156333, guid: 38d0c774b701a34409363f1c985b1062,
        type: 3}
      propertyPath: m_LocalRotation.z
      value: 0.29426566
      objectReference: {fileID: 0}
    - target: {fileID: -3918695370613156333, guid: 38d0c774b701a34409363f1c985b1062,
        type: 3}
      propertyPath: m_LocalRotation.w
      value: 0.9557237
      objectReference: {fileID: 0}
    - target: {fileID: -3918695370613156333, guid: 38d0c774b701a34409363f1c985b1062,
        type: 3}
      propertyPath: m_LocalEulerAnglesHint.z
      value: 0
      objectReference: {fileID: 0}
    - target: {fileID: -3701299972604775311, guid: 38d0c774b701a34409363f1c985b1062,
        type: 3}
      propertyPath: m_LocalPosition.x
      value: 0
      objectReference: {fileID: 0}
    - target: {fileID: -3701299972604775311, guid: 38d0c774b701a34409363f1c985b1062,
        type: 3}
      propertyPath: m_LocalPosition.y
      value: 0
      objectReference: {fileID: 0}
    - target: {fileID: -3701299972604775311, guid: 38d0c774b701a34409363f1c985b1062,
        type: 3}
      propertyPath: m_LocalPosition.z
      value: 0
      objectReference: {fileID: 0}
    - target: {fileID: -3701299972604775311, guid: 38d0c774b701a34409363f1c985b1062,
        type: 3}
      propertyPath: m_LocalRotation.x
      value: -0
      objectReference: {fileID: 0}
    - target: {fileID: -3701299972604775311, guid: 38d0c774b701a34409363f1c985b1062,
        type: 3}
      propertyPath: m_LocalRotation.y
      value: -0
      objectReference: {fileID: 0}
    - target: {fileID: -3701299972604775311, guid: 38d0c774b701a34409363f1c985b1062,
        type: 3}
      propertyPath: m_LocalRotation.z
      value: -0
      objectReference: {fileID: 0}
    - target: {fileID: -3701299972604775311, guid: 38d0c774b701a34409363f1c985b1062,
        type: 3}
      propertyPath: m_LocalRotation.w
      value: 1
      objectReference: {fileID: 0}
    - target: {fileID: -3701299972604775311, guid: 38d0c774b701a34409363f1c985b1062,
        type: 3}
      propertyPath: m_RootOrder
      value: 2
      objectReference: {fileID: 0}
    - target: {fileID: -3701299972604775311, guid: 38d0c774b701a34409363f1c985b1062,
        type: 3}
      propertyPath: m_LocalEulerAnglesHint.x
      value: 0
      objectReference: {fileID: 0}
    - target: {fileID: -3701299972604775311, guid: 38d0c774b701a34409363f1c985b1062,
        type: 3}
      propertyPath: m_LocalEulerAnglesHint.y
      value: 0
      objectReference: {fileID: 0}
    - target: {fileID: -3701299972604775311, guid: 38d0c774b701a34409363f1c985b1062,
        type: 3}
      propertyPath: m_LocalEulerAnglesHint.z
      value: 0
      objectReference: {fileID: 0}
    - target: {fileID: -3543216406172778874, guid: 38d0c774b701a34409363f1c985b1062,
        type: 3}
      propertyPath: m_IsActive
      value: 0
      objectReference: {fileID: 0}
    - target: {fileID: -3255194657622840073, guid: 38d0c774b701a34409363f1c985b1062,
        type: 3}
      propertyPath: m_LocalPosition.x
      value: 0.22570267
      objectReference: {fileID: 0}
    - target: {fileID: -3255194657622840073, guid: 38d0c774b701a34409363f1c985b1062,
        type: 3}
      propertyPath: m_LocalPosition.y
      value: 0.06726557
      objectReference: {fileID: 0}
    - target: {fileID: -2612465612443361679, guid: 38d0c774b701a34409363f1c985b1062,
        type: 3}
      propertyPath: m_LocalPosition.x
      value: 0.24052863
      objectReference: {fileID: 0}
    - target: {fileID: -2612465612443361679, guid: 38d0c774b701a34409363f1c985b1062,
        type: 3}
      propertyPath: m_LocalPosition.y
      value: -0.36369526
      objectReference: {fileID: 0}
    - target: {fileID: -1656037145328842438, guid: 38d0c774b701a34409363f1c985b1062,
        type: 3}
      propertyPath: m_LocalPosition.x
      value: 0.088647515
      objectReference: {fileID: 0}
    - target: {fileID: -1656037145328842438, guid: 38d0c774b701a34409363f1c985b1062,
        type: 3}
      propertyPath: m_LocalPosition.y
      value: -2.3622307e-10
      objectReference: {fileID: 0}
    - target: {fileID: -1656037145328842438, guid: 38d0c774b701a34409363f1c985b1062,
        type: 3}
      propertyPath: m_LocalPosition.z
      value: 0.04
      objectReference: {fileID: 0}
    - target: {fileID: -1656037145328842438, guid: 38d0c774b701a34409363f1c985b1062,
        type: 3}
      propertyPath: m_LocalRotation.x
      value: 0
      objectReference: {fileID: 0}
    - target: {fileID: -1656037145328842438, guid: 38d0c774b701a34409363f1c985b1062,
        type: 3}
      propertyPath: m_LocalRotation.y
      value: 0
      objectReference: {fileID: 0}
    - target: {fileID: -1656037145328842438, guid: 38d0c774b701a34409363f1c985b1062,
        type: 3}
      propertyPath: m_LocalRotation.z
      value: -0.045317195
      objectReference: {fileID: 0}
    - target: {fileID: -1656037145328842438, guid: 38d0c774b701a34409363f1c985b1062,
        type: 3}
      propertyPath: m_LocalRotation.w
      value: 0.99897265
      objectReference: {fileID: 0}
    - target: {fileID: -1656037145328842438, guid: 38d0c774b701a34409363f1c985b1062,
        type: 3}
      propertyPath: m_LocalEulerAnglesHint.z
      value: 0
      objectReference: {fileID: 0}
    - target: {fileID: -1226096185822920087, guid: 38d0c774b701a34409363f1c985b1062,
        type: 3}
      propertyPath: m_IsActive
      value: 0
      objectReference: {fileID: 0}
    - target: {fileID: -1021275738974918248, guid: 38d0c774b701a34409363f1c985b1062,
        type: 3}
      propertyPath: m_LocalRotation.x
      value: 0
      objectReference: {fileID: 0}
    - target: {fileID: -1021275738974918248, guid: 38d0c774b701a34409363f1c985b1062,
        type: 3}
      propertyPath: m_LocalRotation.y
      value: 0
      objectReference: {fileID: 0}
    - target: {fileID: -1021275738974918248, guid: 38d0c774b701a34409363f1c985b1062,
        type: 3}
      propertyPath: m_LocalRotation.z
      value: 0.48927757
      objectReference: {fileID: 0}
    - target: {fileID: -1021275738974918248, guid: 38d0c774b701a34409363f1c985b1062,
        type: 3}
      propertyPath: m_LocalRotation.w
      value: 0.8721281
      objectReference: {fileID: 0}
    - target: {fileID: -1021275738974918248, guid: 38d0c774b701a34409363f1c985b1062,
        type: 3}
      propertyPath: m_LocalEulerAnglesHint.z
      value: 0
      objectReference: {fileID: 0}
    - target: {fileID: -1021275738974918248, guid: 38d0c774b701a34409363f1c985b1062,
        type: 3}
      propertyPath: m_LocalPosition.x
      value: 0.5566189
      objectReference: {fileID: 0}
    - target: {fileID: -1021275738974918248, guid: 38d0c774b701a34409363f1c985b1062,
        type: 3}
      propertyPath: m_LocalPosition.y
      value: -0.00000005108411
      objectReference: {fileID: 0}
    - target: {fileID: -229417091551651361, guid: 38d0c774b701a34409363f1c985b1062,
        type: 3}
      propertyPath: m_LocalRotation.x
      value: -0
      objectReference: {fileID: 0}
    - target: {fileID: -229417091551651361, guid: 38d0c774b701a34409363f1c985b1062,
        type: 3}
      propertyPath: m_LocalRotation.y
      value: -0
      objectReference: {fileID: 0}
    - target: {fileID: -229417091551651361, guid: 38d0c774b701a34409363f1c985b1062,
        type: 3}
      propertyPath: m_LocalRotation.z
      value: -0.10774929
      objectReference: {fileID: 0}
    - target: {fileID: -229417091551651361, guid: 38d0c774b701a34409363f1c985b1062,
        type: 3}
      propertyPath: m_LocalRotation.w
      value: 0.9941781
      objectReference: {fileID: 0}
    - target: {fileID: -229417091551651361, guid: 38d0c774b701a34409363f1c985b1062,
        type: 3}
      propertyPath: m_LocalEulerAnglesHint.z
      value: -12.371
      objectReference: {fileID: 0}
    - target: {fileID: -229417091551651361, guid: 38d0c774b701a34409363f1c985b1062,
        type: 3}
      propertyPath: m_LocalPosition.x
      value: 0.5146497
      objectReference: {fileID: 0}
    - target: {fileID: -229417091551651361, guid: 38d0c774b701a34409363f1c985b1062,
        type: 3}
      propertyPath: m_LocalPosition.y
      value: -0.000000059519678
      objectReference: {fileID: 0}
    - target: {fileID: -229417091551651361, guid: 38d0c774b701a34409363f1c985b1062,
        type: 3}
      propertyPath: m_LocalPosition.z
      value: 0.07
      objectReference: {fileID: 0}
    - target: {fileID: 17656289988049680, guid: 38d0c774b701a34409363f1c985b1062,
        type: 3}
      propertyPath: m_LocalPosition.x
      value: 0.27241245
      objectReference: {fileID: 0}
    - target: {fileID: 17656289988049680, guid: 38d0c774b701a34409363f1c985b1062,
        type: 3}
      propertyPath: m_LocalPosition.y
      value: 0.04876234
      objectReference: {fileID: 0}
    - target: {fileID: 17656289988049680, guid: 38d0c774b701a34409363f1c985b1062,
        type: 3}
      propertyPath: m_LocalPosition.z
      value: 0.06
      objectReference: {fileID: 0}
    - target: {fileID: 437288587064752699, guid: 38d0c774b701a34409363f1c985b1062,
        type: 3}
      propertyPath: m_LocalPosition.x
      value: 0.73286444
      objectReference: {fileID: 0}
    - target: {fileID: 437288587064752699, guid: 38d0c774b701a34409363f1c985b1062,
        type: 3}
      propertyPath: m_LocalPosition.y
      value: 0.024267912
      objectReference: {fileID: 0}
    - target: {fileID: 437288587064752699, guid: 38d0c774b701a34409363f1c985b1062,
        type: 3}
      propertyPath: m_LocalPosition.z
      value: 0.05
      objectReference: {fileID: 0}
    - target: {fileID: 437288587064752699, guid: 38d0c774b701a34409363f1c985b1062,
        type: 3}
      propertyPath: m_LocalRotation.x
      value: 0
      objectReference: {fileID: 0}
    - target: {fileID: 437288587064752699, guid: 38d0c774b701a34409363f1c985b1062,
        type: 3}
      propertyPath: m_LocalRotation.z
      value: -0.999688
      objectReference: {fileID: 0}
    - target: {fileID: 437288587064752699, guid: 38d0c774b701a34409363f1c985b1062,
        type: 3}
      propertyPath: m_LocalRotation.w
      value: 0.024976354
      objectReference: {fileID: 0}
    - target: {fileID: 437288587064752699, guid: 38d0c774b701a34409363f1c985b1062,
        type: 3}
      propertyPath: m_LocalEulerAnglesHint.z
      value: 0
      objectReference: {fileID: 0}
    - target: {fileID: 471630402035101544, guid: 38d0c774b701a34409363f1c985b1062,
        type: 3}
      propertyPath: m_LocalRotation.x
      value: 0
      objectReference: {fileID: 0}
    - target: {fileID: 471630402035101544, guid: 38d0c774b701a34409363f1c985b1062,
        type: 3}
      propertyPath: m_LocalRotation.y
      value: 0
      objectReference: {fileID: 0}
    - target: {fileID: 471630402035101544, guid: 38d0c774b701a34409363f1c985b1062,
        type: 3}
      propertyPath: m_LocalRotation.z
      value: 0.039396446
      objectReference: {fileID: 0}
    - target: {fileID: 471630402035101544, guid: 38d0c774b701a34409363f1c985b1062,
        type: 3}
      propertyPath: m_LocalRotation.w
      value: 0.9992237
      objectReference: {fileID: 0}
    - target: {fileID: 471630402035101544, guid: 38d0c774b701a34409363f1c985b1062,
        type: 3}
      propertyPath: m_LocalEulerAnglesHint.z
      value: 0
      objectReference: {fileID: 0}
    - target: {fileID: 471630402035101544, guid: 38d0c774b701a34409363f1c985b1062,
        type: 3}
      propertyPath: m_LocalPosition.x
      value: 0.2813592
      objectReference: {fileID: 0}
    - target: {fileID: 471630402035101544, guid: 38d0c774b701a34409363f1c985b1062,
        type: 3}
      propertyPath: m_LocalPosition.y
      value: -0.00000006175598
      objectReference: {fileID: 0}
    - target: {fileID: 610791016064841500, guid: 38d0c774b701a34409363f1c985b1062,
        type: 3}
      propertyPath: m_LocalRotation.x
      value: 0
      objectReference: {fileID: 0}
    - target: {fileID: 610791016064841500, guid: 38d0c774b701a34409363f1c985b1062,
        type: 3}
      propertyPath: m_LocalRotation.y
      value: 0
      objectReference: {fileID: 0}
    - target: {fileID: 610791016064841500, guid: 38d0c774b701a34409363f1c985b1062,
        type: 3}
      propertyPath: m_LocalRotation.z
      value: -0.028535748
      objectReference: {fileID: 0}
    - target: {fileID: 610791016064841500, guid: 38d0c774b701a34409363f1c985b1062,
        type: 3}
      propertyPath: m_LocalRotation.w
      value: 0.9995928
      objectReference: {fileID: 0}
    - target: {fileID: 610791016064841500, guid: 38d0c774b701a34409363f1c985b1062,
        type: 3}
      propertyPath: m_LocalEulerAnglesHint.z
      value: 0
      objectReference: {fileID: 0}
    - target: {fileID: 610791016064841500, guid: 38d0c774b701a34409363f1c985b1062,
        type: 3}
      propertyPath: m_LocalPosition.x
      value: -0.0030786984
      objectReference: {fileID: 0}
    - target: {fileID: 610791016064841500, guid: 38d0c774b701a34409363f1c985b1062,
        type: 3}
      propertyPath: m_LocalPosition.y
      value: 0.6174866
      objectReference: {fileID: 0}
    - target: {fileID: 1099493240792484715, guid: 38d0c774b701a34409363f1c985b1062,
        type: 3}
      propertyPath: m_LocalPosition.x
      value: 0.19912672
      objectReference: {fileID: 0}
    - target: {fileID: 1099493240792484715, guid: 38d0c774b701a34409363f1c985b1062,
        type: 3}
      propertyPath: m_LocalPosition.y
      value: -0.39316595
      objectReference: {fileID: 0}
    - target: {fileID: 1099493240792484715, guid: 38d0c774b701a34409363f1c985b1062,
        type: 3}
      propertyPath: m_LocalRotation.x
      value: 0
      objectReference: {fileID: 0}
    - target: {fileID: 1099493240792484715, guid: 38d0c774b701a34409363f1c985b1062,
        type: 3}
      propertyPath: m_LocalRotation.z
      value: -0.99943644
      objectReference: {fileID: 0}
    - target: {fileID: 1099493240792484715, guid: 38d0c774b701a34409363f1c985b1062,
        type: 3}
      propertyPath: m_LocalRotation.w
      value: 0.033568706
      objectReference: {fileID: 0}
    - target: {fileID: 1099493240792484715, guid: 38d0c774b701a34409363f1c985b1062,
        type: 3}
      propertyPath: m_LocalEulerAnglesHint.z
      value: 0
      objectReference: {fileID: 0}
    - target: {fileID: 1099493240792484715, guid: 38d0c774b701a34409363f1c985b1062,
        type: 3}
      propertyPath: m_LocalPosition.z
      value: 0.06
      objectReference: {fileID: 0}
    - target: {fileID: 1111109264670827063, guid: 38d0c774b701a34409363f1c985b1062,
        type: 3}
      propertyPath: m_LocalPosition.x
      value: 0.39511803
      objectReference: {fileID: 0}
    - target: {fileID: 1111109264670827063, guid: 38d0c774b701a34409363f1c985b1062,
        type: 3}
      propertyPath: m_LocalPosition.y
      value: -0.00000007891579
      objectReference: {fileID: 0}
    - target: {fileID: 1111109264670827063, guid: 38d0c774b701a34409363f1c985b1062,
        type: 3}
      propertyPath: m_LocalPosition.z
      value: 0.05
      objectReference: {fileID: 0}
    - target: {fileID: 1111109264670827063, guid: 38d0c774b701a34409363f1c985b1062,
        type: 3}
      propertyPath: m_LocalRotation.x
      value: 0
      objectReference: {fileID: 0}
    - target: {fileID: 1111109264670827063, guid: 38d0c774b701a34409363f1c985b1062,
        type: 3}
      propertyPath: m_LocalRotation.y
      value: 0
      objectReference: {fileID: 0}
    - target: {fileID: 1111109264670827063, guid: 38d0c774b701a34409363f1c985b1062,
        type: 3}
      propertyPath: m_LocalRotation.z
      value: -0
      objectReference: {fileID: 0}
    - target: {fileID: 1111109264670827063, guid: 38d0c774b701a34409363f1c985b1062,
        type: 3}
      propertyPath: m_LocalRotation.w
      value: 1
      objectReference: {fileID: 0}
    - target: {fileID: 1111109264670827063, guid: 38d0c774b701a34409363f1c985b1062,
        type: 3}
      propertyPath: m_LocalEulerAnglesHint.z
      value: 0
      objectReference: {fileID: 0}
    - target: {fileID: 1235034259727613759, guid: 38d0c774b701a34409363f1c985b1062,
        type: 3}
      propertyPath: m_LocalRotation.x
      value: 0
      objectReference: {fileID: 0}
    - target: {fileID: 1235034259727613759, guid: 38d0c774b701a34409363f1c985b1062,
        type: 3}
      propertyPath: m_LocalRotation.y
      value: 0
      objectReference: {fileID: 0}
    - target: {fileID: 1235034259727613759, guid: 38d0c774b701a34409363f1c985b1062,
        type: 3}
      propertyPath: m_LocalRotation.z
      value: -0.7071068
      objectReference: {fileID: 0}
    - target: {fileID: 1235034259727613759, guid: 38d0c774b701a34409363f1c985b1062,
        type: 3}
      propertyPath: m_LocalRotation.w
      value: 0.7071068
      objectReference: {fileID: 0}
    - target: {fileID: 1235034259727613759, guid: 38d0c774b701a34409363f1c985b1062,
        type: 3}
      propertyPath: m_LocalEulerAnglesHint.z
      value: 0
      objectReference: {fileID: 0}
    - target: {fileID: 1235034259727613759, guid: 38d0c774b701a34409363f1c985b1062,
        type: 3}
      propertyPath: m_LocalPosition.y
      value: 0.2048007
      objectReference: {fileID: 0}
    - target: {fileID: 1235034259727613759, guid: 38d0c774b701a34409363f1c985b1062,
        type: 3}
      propertyPath: m_LocalPosition.x
      value: 0.3049782
      objectReference: {fileID: 0}
    - target: {fileID: 1301839274404099972, guid: 38d0c774b701a34409363f1c985b1062,
        type: 3}
      propertyPath: m_IsActive
      value: 1
      objectReference: {fileID: 0}
    - target: {fileID: 1422892155108273954, guid: 38d0c774b701a34409363f1c985b1062,
        type: 3}
      propertyPath: m_IsActive
      value: 1
      objectReference: {fileID: 0}
    - target: {fileID: 1803672564406774298, guid: 38d0c774b701a34409363f1c985b1062,
        type: 3}
      propertyPath: m_LocalRotation.x
      value: 0
      objectReference: {fileID: 0}
    - target: {fileID: 1803672564406774298, guid: 38d0c774b701a34409363f1c985b1062,
        type: 3}
      propertyPath: m_LocalRotation.z
      value: -1
      objectReference: {fileID: 0}
    - target: {fileID: 1803672564406774298, guid: 38d0c774b701a34409363f1c985b1062,
        type: 3}
      propertyPath: m_LocalRotation.w
      value: -0.00000004371139
      objectReference: {fileID: 0}
    - target: {fileID: 1803672564406774298, guid: 38d0c774b701a34409363f1c985b1062,
        type: 3}
      propertyPath: m_LocalEulerAnglesHint.z
      value: 0
      objectReference: {fileID: 0}
    - target: {fileID: 1803672564406774298, guid: 38d0c774b701a34409363f1c985b1062,
        type: 3}
      propertyPath: m_LocalPosition.x
      value: -0.21977364
      objectReference: {fileID: 0}
    - target: {fileID: 1803672564406774298, guid: 38d0c774b701a34409363f1c985b1062,
        type: 3}
      propertyPath: m_LocalPosition.y
      value: -0.47401446
      objectReference: {fileID: 0}
    - target: {fileID: 1860780336959680151, guid: 38d0c774b701a34409363f1c985b1062,
        type: 3}
      propertyPath: m_LocalPosition.x
      value: 0.39018276
      objectReference: {fileID: 0}
    - target: {fileID: 1860780336959680151, guid: 38d0c774b701a34409363f1c985b1062,
        type: 3}
      propertyPath: m_LocalPosition.y
      value: 0.0075301807
      objectReference: {fileID: 0}
    - target: {fileID: 1860780336959680151, guid: 38d0c774b701a34409363f1c985b1062,
        type: 3}
      propertyPath: m_LocalRotation.x
      value: 0
      objectReference: {fileID: 0}
    - target: {fileID: 1860780336959680151, guid: 38d0c774b701a34409363f1c985b1062,
        type: 3}
      propertyPath: m_LocalRotation.y
      value: 0
      objectReference: {fileID: 0}
    - target: {fileID: 1860780336959680151, guid: 38d0c774b701a34409363f1c985b1062,
        type: 3}
      propertyPath: m_LocalRotation.z
      value: 0.0017089845
      objectReference: {fileID: 0}
    - target: {fileID: 1860780336959680151, guid: 38d0c774b701a34409363f1c985b1062,
        type: 3}
      propertyPath: m_LocalRotation.w
      value: 0.99999857
      objectReference: {fileID: 0}
    - target: {fileID: 1860780336959680151, guid: 38d0c774b701a34409363f1c985b1062,
        type: 3}
      propertyPath: m_LocalEulerAnglesHint.z
      value: 0
      objectReference: {fileID: 0}
    - target: {fileID: 1875495296740251492, guid: 38d0c774b701a34409363f1c985b1062,
        type: 3}
      propertyPath: m_LocalRotation.x
      value: 0
      objectReference: {fileID: 0}
    - target: {fileID: 1875495296740251492, guid: 38d0c774b701a34409363f1c985b1062,
        type: 3}
      propertyPath: m_LocalRotation.y
      value: 0
      objectReference: {fileID: 0}
    - target: {fileID: 1875495296740251492, guid: 38d0c774b701a34409363f1c985b1062,
        type: 3}
      propertyPath: m_LocalRotation.z
      value: 0
      objectReference: {fileID: 0}
    - target: {fileID: 1875495296740251492, guid: 38d0c774b701a34409363f1c985b1062,
        type: 3}
      propertyPath: m_LocalRotation.w
      value: 1
      objectReference: {fileID: 0}
    - target: {fileID: 1875495296740251492, guid: 38d0c774b701a34409363f1c985b1062,
        type: 3}
      propertyPath: m_LocalEulerAnglesHint.z
      value: 0
      objectReference: {fileID: 0}
    - target: {fileID: 1875495296740251492, guid: 38d0c774b701a34409363f1c985b1062,
        type: 3}
      propertyPath: m_LocalPosition.x
      value: 0.32102963
      objectReference: {fileID: 0}
    - target: {fileID: 1875495296740251492, guid: 38d0c774b701a34409363f1c985b1062,
        type: 3}
      propertyPath: m_LocalPosition.y
      value: 0.000000026891357
      objectReference: {fileID: 0}
    - target: {fileID: 2382265671759665828, guid: 38d0c774b701a34409363f1c985b1062,
        type: 3}
      propertyPath: m_LocalRotation.x
      value: 0
      objectReference: {fileID: 0}
    - target: {fileID: 2382265671759665828, guid: 38d0c774b701a34409363f1c985b1062,
        type: 3}
      propertyPath: m_LocalRotation.z
      value: -0.99905974
      objectReference: {fileID: 0}
    - target: {fileID: 2382265671759665828, guid: 38d0c774b701a34409363f1c985b1062,
        type: 3}
      propertyPath: m_LocalRotation.w
      value: 0.04335566
      objectReference: {fileID: 0}
    - target: {fileID: 2382265671759665828, guid: 38d0c774b701a34409363f1c985b1062,
        type: 3}
      propertyPath: m_LocalEulerAnglesHint.z
      value: 0
      objectReference: {fileID: 0}
    - target: {fileID: 2382265671759665828, guid: 38d0c774b701a34409363f1c985b1062,
        type: 3}
      propertyPath: m_LocalPosition.x
      value: -0.23582524
      objectReference: {fileID: 0}
    - target: {fileID: 2382265671759665828, guid: 38d0c774b701a34409363f1c985b1062,
        type: 3}
      propertyPath: m_LocalPosition.y
      value: 0.49710053
      objectReference: {fileID: 0}
    - target: {fileID: 2729841664452846476, guid: 38d0c774b701a34409363f1c985b1062,
        type: 3}
      propertyPath: m_LocalRotation.x
      value: 0
      objectReference: {fileID: 0}
    - target: {fileID: 2729841664452846476, guid: 38d0c774b701a34409363f1c985b1062,
        type: 3}
      propertyPath: m_LocalRotation.z
      value: 0.999092
      objectReference: {fileID: 0}
    - target: {fileID: 2729841664452846476, guid: 38d0c774b701a34409363f1c985b1062,
        type: 3}
      propertyPath: m_LocalRotation.w
      value: 0.042605806
      objectReference: {fileID: 0}
    - target: {fileID: 2729841664452846476, guid: 38d0c774b701a34409363f1c985b1062,
        type: 3}
      propertyPath: m_LocalEulerAnglesHint.z
      value: 0
      objectReference: {fileID: 0}
    - target: {fileID: 2729841664452846476, guid: 38d0c774b701a34409363f1c985b1062,
        type: 3}
      propertyPath: m_LocalPosition.x
      value: -0.008484599
      objectReference: {fileID: 0}
    - target: {fileID: 2729841664452846476, guid: 38d0c774b701a34409363f1c985b1062,
        type: 3}
      propertyPath: m_LocalPosition.y
      value: -0.25455904
      objectReference: {fileID: 0}
    - target: {fileID: 2729841664452846476, guid: 38d0c774b701a34409363f1c985b1062,
        type: 3}
      propertyPath: m_LocalPosition.z
      value: 0.04
      objectReference: {fileID: 0}
    - target: {fileID: 2817400037987051588, guid: 38d0c774b701a34409363f1c985b1062,
        type: 3}
      propertyPath: m_LocalPosition.x
      value: 0.46363667
      objectReference: {fileID: 0}
    - target: {fileID: 2817400037987051588, guid: 38d0c774b701a34409363f1c985b1062,
        type: 3}
      propertyPath: m_LocalPosition.y
      value: -0.00000089864085
      objectReference: {fileID: 0}
    - target: {fileID: 2817400037987051588, guid: 38d0c774b701a34409363f1c985b1062,
        type: 3}
      propertyPath: m_LocalPosition.z
      value: 0.04
      objectReference: {fileID: 0}
    - target: {fileID: 2817400037987051588, guid: 38d0c774b701a34409363f1c985b1062,
        type: 3}
      propertyPath: m_LocalRotation.y
      value: 0
      objectReference: {fileID: 0}
    - target: {fileID: 2817400037987051588, guid: 38d0c774b701a34409363f1c985b1062,
        type: 3}
      propertyPath: m_LocalRotation.z
      value: 0.045317262
      objectReference: {fileID: 0}
    - target: {fileID: 2817400037987051588, guid: 38d0c774b701a34409363f1c985b1062,
        type: 3}
      propertyPath: m_LocalRotation.w
      value: 0.9989727
      objectReference: {fileID: 0}
    - target: {fileID: 2817400037987051588, guid: 38d0c774b701a34409363f1c985b1062,
        type: 3}
      propertyPath: m_LocalEulerAnglesHint.z
      value: 0
      objectReference: {fileID: 0}
    - target: {fileID: 2879376761014905735, guid: 38d0c774b701a34409363f1c985b1062,
        type: 3}
      propertyPath: m_LocalRotation.x
      value: 0
      objectReference: {fileID: 0}
    - target: {fileID: 2879376761014905735, guid: 38d0c774b701a34409363f1c985b1062,
        type: 3}
      propertyPath: m_LocalRotation.z
      value: 0.9962044
      objectReference: {fileID: 0}
    - target: {fileID: 2879376761014905735, guid: 38d0c774b701a34409363f1c985b1062,
        type: 3}
      propertyPath: m_LocalRotation.w
      value: 0.08704524
      objectReference: {fileID: 0}
    - target: {fileID: 2879376761014905735, guid: 38d0c774b701a34409363f1c985b1062,
        type: 3}
      propertyPath: m_LocalEulerAnglesHint.z
      value: 0
      objectReference: {fileID: 0}
    - target: {fileID: 2879376761014905735, guid: 38d0c774b701a34409363f1c985b1062,
        type: 3}
      propertyPath: m_LocalPosition.x
      value: 0.21258768
      objectReference: {fileID: 0}
    - target: {fileID: 2879376761014905735, guid: 38d0c774b701a34409363f1c985b1062,
        type: 3}
      propertyPath: m_LocalPosition.y
      value: 0.3762151
      objectReference: {fileID: 0}
    - target: {fileID: 2879376761014905735, guid: 38d0c774b701a34409363f1c985b1062,
        type: 3}
      propertyPath: m_LocalPosition.z
      value: 0.06
      objectReference: {fileID: 0}
    - target: {fileID: 3167879881344798034, guid: 38d0c774b701a34409363f1c985b1062,
        type: 3}
      propertyPath: m_IsActive
      value: 1
      objectReference: {fileID: 0}
    - target: {fileID: 3744210050451304207, guid: 38d0c774b701a34409363f1c985b1062,
        type: 3}
      propertyPath: m_LocalRotation.x
      value: 0
      objectReference: {fileID: 0}
    - target: {fileID: 3744210050451304207, guid: 38d0c774b701a34409363f1c985b1062,
        type: 3}
      propertyPath: m_LocalRotation.z
      value: 0.87219554
      objectReference: {fileID: 0}
    - target: {fileID: 3744210050451304207, guid: 38d0c774b701a34409363f1c985b1062,
        type: 3}
      propertyPath: m_LocalRotation.w
      value: 0.48915735
      objectReference: {fileID: 0}
    - target: {fileID: 3744210050451304207, guid: 38d0c774b701a34409363f1c985b1062,
        type: 3}
      propertyPath: m_LocalEulerAnglesHint.z
      value: 0
      objectReference: {fileID: 0}
    - target: {fileID: 3744210050451304207, guid: 38d0c774b701a34409363f1c985b1062,
        type: 3}
      propertyPath: m_LocalPosition.x
      value: 0.14588156
      objectReference: {fileID: 0}
    - target: {fileID: 3744210050451304207, guid: 38d0c774b701a34409363f1c985b1062,
        type: 3}
      propertyPath: m_LocalPosition.y
      value: 0.3510052
      objectReference: {fileID: 0}
    - target: {fileID: 3744210050451304207, guid: 38d0c774b701a34409363f1c985b1062,
        type: 3}
      propertyPath: m_LocalPosition.z
      value: 0.04
      objectReference: {fileID: 0}
    - target: {fileID: 3838888927031247841, guid: 38d0c774b701a34409363f1c985b1062,
        type: 3}
      propertyPath: m_LocalPosition.x
      value: 0.8587544
      objectReference: {fileID: 0}
    - target: {fileID: 3838888927031247841, guid: 38d0c774b701a34409363f1c985b1062,
        type: 3}
      propertyPath: m_LocalPosition.y
      value: -0.00000044087727
      objectReference: {fileID: 0}
    - target: {fileID: 3838888927031247841, guid: 38d0c774b701a34409363f1c985b1062,
        type: 3}
      propertyPath: m_LocalPosition.z
      value: 0.04
      objectReference: {fileID: 0}
    - target: {fileID: 3838888927031247841, guid: 38d0c774b701a34409363f1c985b1062,
        type: 3}
      propertyPath: m_LocalRotation.x
      value: 0
      objectReference: {fileID: 0}
    - target: {fileID: 3838888927031247841, guid: 38d0c774b701a34409363f1c985b1062,
        type: 3}
      propertyPath: m_LocalRotation.y
      value: 0
      objectReference: {fileID: 0}
    - target: {fileID: 3838888927031247841, guid: 38d0c774b701a34409363f1c985b1062,
        type: 3}
      propertyPath: m_LocalRotation.z
      value: 0.0453172
      objectReference: {fileID: 0}
    - target: {fileID: 3838888927031247841, guid: 38d0c774b701a34409363f1c985b1062,
        type: 3}
      propertyPath: m_LocalRotation.w
      value: 0.99897265
      objectReference: {fileID: 0}
    - target: {fileID: 3838888927031247841, guid: 38d0c774b701a34409363f1c985b1062,
        type: 3}
      propertyPath: m_LocalEulerAnglesHint.z
      value: 0
      objectReference: {fileID: 0}
    - target: {fileID: 4108487449884002509, guid: 38d0c774b701a34409363f1c985b1062,
        type: 3}
      propertyPath: m_LocalPosition.x
      value: 0.2626144
      objectReference: {fileID: 0}
    - target: {fileID: 4108487449884002509, guid: 38d0c774b701a34409363f1c985b1062,
        type: 3}
      propertyPath: m_LocalPosition.y
      value: -0.08974272
      objectReference: {fileID: 0}
    - target: {fileID: 4108487449884002509, guid: 38d0c774b701a34409363f1c985b1062,
        type: 3}
      propertyPath: m_LocalPosition.z
      value: 0.06999921
      objectReference: {fileID: 0}
    - target: {fileID: 4108487449884002509, guid: 38d0c774b701a34409363f1c985b1062,
        type: 3}
      propertyPath: m_LocalRotation.x
      value: 0
      objectReference: {fileID: 0}
    - target: {fileID: 4108487449884002509, guid: 38d0c774b701a34409363f1c985b1062,
        type: 3}
      propertyPath: m_LocalRotation.y
      value: 0
      objectReference: {fileID: 0}
    - target: {fileID: 4108487449884002509, guid: 38d0c774b701a34409363f1c985b1062,
        type: 3}
      propertyPath: m_LocalRotation.z
      value: 0.25679433
      objectReference: {fileID: 0}
    - target: {fileID: 4108487449884002509, guid: 38d0c774b701a34409363f1c985b1062,
        type: 3}
      propertyPath: m_LocalRotation.w
      value: 0.96646607
      objectReference: {fileID: 0}
    - target: {fileID: 4108487449884002509, guid: 38d0c774b701a34409363f1c985b1062,
        type: 3}
      propertyPath: m_LocalEulerAnglesHint.z
      value: 0
      objectReference: {fileID: 0}
    - target: {fileID: 4120629415122690805, guid: 38d0c774b701a34409363f1c985b1062,
        type: 3}
      propertyPath: m_LocalPosition.x
      value: 0.23010978
      objectReference: {fileID: 0}
    - target: {fileID: 4120629415122690805, guid: 38d0c774b701a34409363f1c985b1062,
        type: 3}
      propertyPath: m_LocalPosition.y
      value: 0.3871521
      objectReference: {fileID: 0}
    - target: {fileID: 5029214991147609344, guid: 38d0c774b701a34409363f1c985b1062,
        type: 3}
      propertyPath: m_LocalPosition.x
      value: 0.2274058
      objectReference: {fileID: 0}
    - target: {fileID: 5029214991147609344, guid: 38d0c774b701a34409363f1c985b1062,
        type: 3}
      propertyPath: m_LocalPosition.y
      value: -0.04617977
      objectReference: {fileID: 0}
    - target: {fileID: 5029214991147609344, guid: 38d0c774b701a34409363f1c985b1062,
        type: 3}
      propertyPath: m_LocalPosition.z
      value: 0.070000015
      objectReference: {fileID: 0}
    - target: {fileID: 5711527402134536163, guid: 38d0c774b701a34409363f1c985b1062,
        type: 3}
      propertyPath: m_LocalRotation.x
      value: 0
      objectReference: {fileID: 0}
    - target: {fileID: 5711527402134536163, guid: 38d0c774b701a34409363f1c985b1062,
        type: 3}
      propertyPath: m_LocalRotation.y
      value: 0
      objectReference: {fileID: 0}
    - target: {fileID: 5711527402134536163, guid: 38d0c774b701a34409363f1c985b1062,
        type: 3}
      propertyPath: m_LocalRotation.z
      value: 0.14402953
      objectReference: {fileID: 0}
    - target: {fileID: 5711527402134536163, guid: 38d0c774b701a34409363f1c985b1062,
        type: 3}
      propertyPath: m_LocalRotation.w
      value: 0.9895734
      objectReference: {fileID: 0}
    - target: {fileID: 5711527402134536163, guid: 38d0c774b701a34409363f1c985b1062,
        type: 3}
      propertyPath: m_LocalEulerAnglesHint.z
      value: 0
      objectReference: {fileID: 0}
    - target: {fileID: 5711527402134536163, guid: 38d0c774b701a34409363f1c985b1062,
        type: 3}
      propertyPath: m_LocalPosition.x
      value: 0.39919537
      objectReference: {fileID: 0}
    - target: {fileID: 5711527402134536163, guid: 38d0c774b701a34409363f1c985b1062,
        type: 3}
      propertyPath: m_LocalPosition.y
      value: 0.000000027214428
      objectReference: {fileID: 0}
    - target: {fileID: 5711527402134536163, guid: 38d0c774b701a34409363f1c985b1062,
        type: 3}
      propertyPath: m_LocalPosition.z
      value: 0.07
      objectReference: {fileID: 0}
    - target: {fileID: 5967641912809286621, guid: 38d0c774b701a34409363f1c985b1062,
        type: 3}
      propertyPath: m_LocalPosition.x
      value: -0.021051232
      objectReference: {fileID: 0}
    - target: {fileID: 5967641912809286621, guid: 38d0c774b701a34409363f1c985b1062,
        type: 3}
      propertyPath: m_LocalPosition.y
      value: -0.25175568
      objectReference: {fileID: 0}
    - target: {fileID: 5967641912809286621, guid: 38d0c774b701a34409363f1c985b1062,
        type: 3}
      propertyPath: m_LocalPosition.z
      value: 0.040000018
      objectReference: {fileID: 0}
    - target: {fileID: 6038750422068982648, guid: 38d0c774b701a34409363f1c985b1062,
        type: 3}
      propertyPath: m_LocalPosition.x
      value: 0.41857183
      objectReference: {fileID: 0}
    - target: {fileID: 6038750422068982648, guid: 38d0c774b701a34409363f1c985b1062,
        type: 3}
      propertyPath: m_LocalPosition.y
      value: 0.00000007858014
      objectReference: {fileID: 0}
    - target: {fileID: 6038750422068982648, guid: 38d0c774b701a34409363f1c985b1062,
        type: 3}
      propertyPath: m_LocalPosition.z
      value: 0.07
      objectReference: {fileID: 0}
    - target: {fileID: 6038750422068982648, guid: 38d0c774b701a34409363f1c985b1062,
        type: 3}
      propertyPath: m_LocalRotation.x
      value: 0
      objectReference: {fileID: 0}
    - target: {fileID: 6038750422068982648, guid: 38d0c774b701a34409363f1c985b1062,
        type: 3}
      propertyPath: m_LocalRotation.y
      value: 0
      objectReference: {fileID: 0}
    - target: {fileID: 6038750422068982648, guid: 38d0c774b701a34409363f1c985b1062,
        type: 3}
      propertyPath: m_LocalRotation.z
      value: 0.65883064
      objectReference: {fileID: 0}
    - target: {fileID: 6038750422068982648, guid: 38d0c774b701a34409363f1c985b1062,
        type: 3}
      propertyPath: m_LocalRotation.w
      value: 0.7522914
      objectReference: {fileID: 0}
    - target: {fileID: 6038750422068982648, guid: 38d0c774b701a34409363f1c985b1062,
        type: 3}
      propertyPath: m_LocalEulerAnglesHint.z
      value: 0
      objectReference: {fileID: 0}
    - target: {fileID: 6126708924749338599, guid: 38d0c774b701a34409363f1c985b1062,
        type: 3}
      propertyPath: m_LocalRotation.x
      value: 0
      objectReference: {fileID: 0}
    - target: {fileID: 6126708924749338599, guid: 38d0c774b701a34409363f1c985b1062,
        type: 3}
      propertyPath: m_LocalRotation.y
      value: 0
      objectReference: {fileID: 0}
    - target: {fileID: 6126708924749338599, guid: 38d0c774b701a34409363f1c985b1062,
        type: 3}
      propertyPath: m_LocalRotation.z
      value: -0.0000003816299
      objectReference: {fileID: 0}
    - target: {fileID: 6126708924749338599, guid: 38d0c774b701a34409363f1c985b1062,
        type: 3}
      propertyPath: m_LocalRotation.w
      value: 1
      objectReference: {fileID: 0}
    - target: {fileID: 6126708924749338599, guid: 38d0c774b701a34409363f1c985b1062,
        type: 3}
      propertyPath: m_LocalEulerAnglesHint.z
      value: 0
      objectReference: {fileID: 0}
    - target: {fileID: 6126708924749338599, guid: 38d0c774b701a34409363f1c985b1062,
        type: 3}
      propertyPath: m_LocalPosition.x
      value: 0.13643736
      objectReference: {fileID: 0}
    - target: {fileID: 6126708924749338599, guid: 38d0c774b701a34409363f1c985b1062,
        type: 3}
      propertyPath: m_LocalPosition.y
      value: 0.000000034746947
      objectReference: {fileID: 0}
    - target: {fileID: 6126708924749338599, guid: 38d0c774b701a34409363f1c985b1062,
        type: 3}
      propertyPath: m_LocalPosition.z
      value: 0.05
      objectReference: {fileID: 0}
    - target: {fileID: 6159283558880348400, guid: 38d0c774b701a34409363f1c985b1062,
        type: 3}
      propertyPath: m_LocalPosition.x
      value: 0.08864748
      objectReference: {fileID: 0}
    - target: {fileID: 6159283558880348400, guid: 38d0c774b701a34409363f1c985b1062,
        type: 3}
      propertyPath: m_LocalPosition.y
      value: 0.0000000016439753
      objectReference: {fileID: 0}
    - target: {fileID: 6159283558880348400, guid: 38d0c774b701a34409363f1c985b1062,
        type: 3}
      propertyPath: m_LocalPosition.z
      value: 0.04
      objectReference: {fileID: 0}
    - target: {fileID: 6159283558880348400, guid: 38d0c774b701a34409363f1c985b1062,
        type: 3}
      propertyPath: m_LocalRotation.x
      value: 0
      objectReference: {fileID: 0}
    - target: {fileID: 6159283558880348400, guid: 38d0c774b701a34409363f1c985b1062,
        type: 3}
      propertyPath: m_LocalRotation.y
      value: 0
      objectReference: {fileID: 0}
    - target: {fileID: 6159283558880348400, guid: 38d0c774b701a34409363f1c985b1062,
        type: 3}
      propertyPath: m_LocalRotation.z
      value: -0.045317195
      objectReference: {fileID: 0}
    - target: {fileID: 6159283558880348400, guid: 38d0c774b701a34409363f1c985b1062,
        type: 3}
      propertyPath: m_LocalRotation.w
      value: 0.99897265
      objectReference: {fileID: 0}
    - target: {fileID: 6159283558880348400, guid: 38d0c774b701a34409363f1c985b1062,
        type: 3}
      propertyPath: m_LocalEulerAnglesHint.z
      value: 0
      objectReference: {fileID: 0}
    - target: {fileID: 6192740329340983990, guid: 38d0c774b701a34409363f1c985b1062,
        type: 3}
      propertyPath: m_LocalPosition.x
      value: 0.2807223
      objectReference: {fileID: 0}
    - target: {fileID: 6192740329340983990, guid: 38d0c774b701a34409363f1c985b1062,
        type: 3}
      propertyPath: m_LocalPosition.y
      value: -0.045791868
      objectReference: {fileID: 0}
    - target: {fileID: 6192740329340983990, guid: 38d0c774b701a34409363f1c985b1062,
        type: 3}
      propertyPath: m_LocalPosition.z
      value: 0.06
      objectReference: {fileID: 0}
    - target: {fileID: 6192740329340983990, guid: 38d0c774b701a34409363f1c985b1062,
        type: 3}
      propertyPath: m_LocalRotation.x
      value: 0
      objectReference: {fileID: 0}
    - target: {fileID: 6192740329340983990, guid: 38d0c774b701a34409363f1c985b1062,
        type: 3}
      propertyPath: m_LocalRotation.y
      value: 0
      objectReference: {fileID: 0}
    - target: {fileID: 6192740329340983990, guid: 38d0c774b701a34409363f1c985b1062,
        type: 3}
      propertyPath: m_LocalRotation.z
      value: 0.6757835
      objectReference: {fileID: 0}
    - target: {fileID: 6192740329340983990, guid: 38d0c774b701a34409363f1c985b1062,
        type: 3}
      propertyPath: m_LocalRotation.w
      value: 0.73710024
      objectReference: {fileID: 0}
    - target: {fileID: 6192740329340983990, guid: 38d0c774b701a34409363f1c985b1062,
        type: 3}
      propertyPath: m_LocalEulerAnglesHint.z
      value: 0
      objectReference: {fileID: 0}
    - target: {fileID: 6426253073536518665, guid: 38d0c774b701a34409363f1c985b1062,
        type: 3}
      propertyPath: m_IsActive
      value: 0
      objectReference: {fileID: 0}
    - target: {fileID: 6477350891619845018, guid: 38d0c774b701a34409363f1c985b1062,
        type: 3}
      propertyPath: m_LocalPosition.x
      value: 0.21938711
      objectReference: {fileID: 0}
    - target: {fileID: 6477350891619845018, guid: 38d0c774b701a34409363f1c985b1062,
        type: 3}
      propertyPath: m_LocalPosition.y
      value: -0.0692015
      objectReference: {fileID: 0}
    - target: {fileID: 6477350891619845018, guid: 38d0c774b701a34409363f1c985b1062,
        type: 3}
      propertyPath: m_LocalPosition.z
      value: 0.070000015
      objectReference: {fileID: 0}
    - target: {fileID: 6477350891619845018, guid: 38d0c774b701a34409363f1c985b1062,
        type: 3}
      propertyPath: m_LocalRotation.x
      value: 0
      objectReference: {fileID: 0}
    - target: {fileID: 6477350891619845018, guid: 38d0c774b701a34409363f1c985b1062,
        type: 3}
      propertyPath: m_LocalRotation.y
      value: 0
      objectReference: {fileID: 0}
    - target: {fileID: 6477350891619845018, guid: 38d0c774b701a34409363f1c985b1062,
        type: 3}
      propertyPath: m_LocalRotation.z
      value: 0.25679433
      objectReference: {fileID: 0}
    - target: {fileID: 6477350891619845018, guid: 38d0c774b701a34409363f1c985b1062,
        type: 3}
      propertyPath: m_LocalRotation.w
      value: 0.9664661
      objectReference: {fileID: 0}
    - target: {fileID: 6477350891619845018, guid: 38d0c774b701a34409363f1c985b1062,
        type: 3}
      propertyPath: m_LocalEulerAnglesHint.z
      value: 0
      objectReference: {fileID: 0}
    - target: {fileID: 6579470384435374914, guid: 38d0c774b701a34409363f1c985b1062,
        type: 3}
      propertyPath: m_LocalRotation.x
      value: 0
      objectReference: {fileID: 0}
    - target: {fileID: 6579470384435374914, guid: 38d0c774b701a34409363f1c985b1062,
        type: 3}
      propertyPath: m_LocalRotation.y
      value: 0
      objectReference: {fileID: 0}
    - target: {fileID: 6579470384435374914, guid: 38d0c774b701a34409363f1c985b1062,
        type: 3}
      propertyPath: m_LocalRotation.z
      value: -0.00000012857043
      objectReference: {fileID: 0}
    - target: {fileID: 6579470384435374914, guid: 38d0c774b701a34409363f1c985b1062,
        type: 3}
      propertyPath: m_LocalRotation.w
      value: 1
      objectReference: {fileID: 0}
    - target: {fileID: 6579470384435374914, guid: 38d0c774b701a34409363f1c985b1062,
        type: 3}
      propertyPath: m_LocalEulerAnglesHint.z
      value: 0
      objectReference: {fileID: 0}
    - target: {fileID: 6584416379246377537, guid: 38d0c774b701a34409363f1c985b1062,
        type: 3}
      propertyPath: m_LocalRotation.x
      value: 0
      objectReference: {fileID: 0}
    - target: {fileID: 6584416379246377537, guid: 38d0c774b701a34409363f1c985b1062,
        type: 3}
      propertyPath: m_LocalRotation.z
      value: 0.8509614
      objectReference: {fileID: 0}
    - target: {fileID: 6584416379246377537, guid: 38d0c774b701a34409363f1c985b1062,
        type: 3}
      propertyPath: m_LocalRotation.w
      value: 0.52522826
      objectReference: {fileID: 0}
    - target: {fileID: 6584416379246377537, guid: 38d0c774b701a34409363f1c985b1062,
        type: 3}
      propertyPath: m_LocalEulerAnglesHint.z
      value: 0
      objectReference: {fileID: 0}
    - target: {fileID: 6584416379246377537, guid: 38d0c774b701a34409363f1c985b1062,
        type: 3}
      propertyPath: m_LocalPosition.x
      value: -0.03152516
      objectReference: {fileID: 0}
    - target: {fileID: 6584416379246377537, guid: 38d0c774b701a34409363f1c985b1062,
        type: 3}
      propertyPath: m_LocalPosition.y
      value: 0.23058073
      objectReference: {fileID: 0}
    - target: {fileID: 6584416379246377537, guid: 38d0c774b701a34409363f1c985b1062,
        type: 3}
      propertyPath: m_LocalPosition.z
      value: 0.07
      objectReference: {fileID: 0}
    - target: {fileID: 6778037272638332124, guid: 38d0c774b701a34409363f1c985b1062,
        type: 3}
      propertyPath: m_IsActive
      value: 0
      objectReference: {fileID: 0}
    - target: {fileID: 6901283139699823891, guid: 38d0c774b701a34409363f1c985b1062,
        type: 3}
      propertyPath: m_LocalRotation.x
      value: -0
      objectReference: {fileID: 0}
    - target: {fileID: 6901283139699823891, guid: 38d0c774b701a34409363f1c985b1062,
        type: 3}
      propertyPath: m_LocalRotation.y
      value: -0
      objectReference: {fileID: 0}
    - target: {fileID: 6901283139699823891, guid: 38d0c774b701a34409363f1c985b1062,
        type: 3}
      propertyPath: m_LocalRotation.z
      value: 0.05605235
      objectReference: {fileID: 0}
    - target: {fileID: 6901283139699823891, guid: 38d0c774b701a34409363f1c985b1062,
        type: 3}
      propertyPath: m_LocalRotation.w
      value: 0.9984279
      objectReference: {fileID: 0}
    - target: {fileID: 6901283139699823891, guid: 38d0c774b701a34409363f1c985b1062,
        type: 3}
      propertyPath: m_LocalEulerAnglesHint.z
      value: 6.426
      objectReference: {fileID: 0}
    - target: {fileID: 6901283139699823891, guid: 38d0c774b701a34409363f1c985b1062,
        type: 3}
      propertyPath: m_LocalPosition.x
      value: 0.41857183
      objectReference: {fileID: 0}
    - target: {fileID: 6901283139699823891, guid: 38d0c774b701a34409363f1c985b1062,
        type: 3}
      propertyPath: m_LocalPosition.y
      value: 0.00000020776204
      objectReference: {fileID: 0}
    - target: {fileID: 6901283139699823891, guid: 38d0c774b701a34409363f1c985b1062,
        type: 3}
      propertyPath: m_LocalPosition.z
      value: 0.07
      objectReference: {fileID: 0}
    - target: {fileID: 6944282610859159927, guid: 38d0c774b701a34409363f1c985b1062,
        type: 3}
      propertyPath: m_LocalRotation.x
      value: 0
      objectReference: {fileID: 0}
    - target: {fileID: 6944282610859159927, guid: 38d0c774b701a34409363f1c985b1062,
        type: 3}
      propertyPath: m_LocalRotation.y
      value: 0
      objectReference: {fileID: 0}
    - target: {fileID: 6944282610859159927, guid: 38d0c774b701a34409363f1c985b1062,
        type: 3}
      propertyPath: m_LocalRotation.z
      value: -0
      objectReference: {fileID: 0}
    - target: {fileID: 6944282610859159927, guid: 38d0c774b701a34409363f1c985b1062,
        type: 3}
      propertyPath: m_LocalRotation.w
      value: 1
      objectReference: {fileID: 0}
    - target: {fileID: 6944282610859159927, guid: 38d0c774b701a34409363f1c985b1062,
        type: 3}
      propertyPath: m_LocalEulerAnglesHint.z
      value: 0
      objectReference: {fileID: 0}
    - target: {fileID: 6944282610859159927, guid: 38d0c774b701a34409363f1c985b1062,
        type: 3}
      propertyPath: m_LocalPosition.x
      value: 0.22472075
      objectReference: {fileID: 0}
    - target: {fileID: 6944282610859159927, guid: 38d0c774b701a34409363f1c985b1062,
        type: 3}
      propertyPath: m_LocalPosition.y
      value: -0.000000007971968
      objectReference: {fileID: 0}
    - target: {fileID: 6944282610859159927, guid: 38d0c774b701a34409363f1c985b1062,
        type: 3}
      propertyPath: m_LocalPosition.z
      value: 0.03
      objectReference: {fileID: 0}
    - target: {fileID: 7395795331144142098, guid: 38d0c774b701a34409363f1c985b1062,
        type: 3}
      propertyPath: m_LocalPosition.x
      value: 0.39919513
      objectReference: {fileID: 0}
    - target: {fileID: 7395795331144142098, guid: 38d0c774b701a34409363f1c985b1062,
        type: 3}
      propertyPath: m_LocalPosition.y
      value: -0.00000007024701
      objectReference: {fileID: 0}
    - target: {fileID: 7395795331144142098, guid: 38d0c774b701a34409363f1c985b1062,
        type: 3}
      propertyPath: m_LocalPosition.z
      value: 0.07
      objectReference: {fileID: 0}
    - target: {fileID: 7395795331144142098, guid: 38d0c774b701a34409363f1c985b1062,
        type: 3}
      propertyPath: m_LocalRotation.x
      value: 0
      objectReference: {fileID: 0}
    - target: {fileID: 7395795331144142098, guid: 38d0c774b701a34409363f1c985b1062,
        type: 3}
      propertyPath: m_LocalRotation.y
      value: 0
      objectReference: {fileID: 0}
    - target: {fileID: 7395795331144142098, guid: 38d0c774b701a34409363f1c985b1062,
        type: 3}
      propertyPath: m_LocalRotation.z
      value: 0.14402951
      objectReference: {fileID: 0}
    - target: {fileID: 7395795331144142098, guid: 38d0c774b701a34409363f1c985b1062,
        type: 3}
      propertyPath: m_LocalRotation.w
      value: 0.98957336
      objectReference: {fileID: 0}
    - target: {fileID: 7395795331144142098, guid: 38d0c774b701a34409363f1c985b1062,
        type: 3}
      propertyPath: m_LocalEulerAnglesHint.z
      value: 0
      objectReference: {fileID: 0}
    - target: {fileID: 7706351683439737264, guid: 38d0c774b701a34409363f1c985b1062,
        type: 3}
      propertyPath: m_LocalPosition.x
      value: -0.054404534
      objectReference: {fileID: 0}
    - target: {fileID: 7706351683439737264, guid: 38d0c774b701a34409363f1c985b1062,
        type: 3}
      propertyPath: m_LocalPosition.y
      value: -0.22882494
      objectReference: {fileID: 0}
    - target: {fileID: 7706351683439737264, guid: 38d0c774b701a34409363f1c985b1062,
        type: 3}
      propertyPath: m_LocalPosition.z
      value: 0.040000018
      objectReference: {fileID: 0}
    - target: {fileID: 7727341992351092862, guid: 38d0c774b701a34409363f1c985b1062,
        type: 3}
      propertyPath: m_Name
      value: Roobit_UD
      objectReference: {fileID: 0}
    - target: {fileID: 7744869515033918533, guid: 38d0c774b701a34409363f1c985b1062,
        type: 3}
      propertyPath: m_LocalRotation.x
      value: -0
      objectReference: {fileID: 0}
    - target: {fileID: 7744869515033918533, guid: 38d0c774b701a34409363f1c985b1062,
        type: 3}
      propertyPath: m_LocalRotation.z
      value: -0.999222
      objectReference: {fileID: 0}
    - target: {fileID: 7744869515033918533, guid: 38d0c774b701a34409363f1c985b1062,
        type: 3}
      propertyPath: m_LocalRotation.w
      value: -0.039439138
      objectReference: {fileID: 0}
    - target: {fileID: 7744869515033918533, guid: 38d0c774b701a34409363f1c985b1062,
        type: 3}
      propertyPath: m_LocalEulerAnglesHint.z
      value: 175.479
      objectReference: {fileID: 0}
    - target: {fileID: 7891884447335289457, guid: 38d0c774b701a34409363f1c985b1062,
        type: 3}
      propertyPath: m_IsActive
      value: 0
      objectReference: {fileID: 0}
    - target: {fileID: 8092552651599146800, guid: 38d0c774b701a34409363f1c985b1062,
        type: 3}
      propertyPath: m_IsActive
      value: 1
      objectReference: {fileID: 0}
    - target: {fileID: 8270198567753275265, guid: 38d0c774b701a34409363f1c985b1062,
        type: 3}
      propertyPath: m_LocalPosition.x
      value: 0.6581112
      objectReference: {fileID: 0}
    - target: {fileID: 8270198567753275265, guid: 38d0c774b701a34409363f1c985b1062,
        type: 3}
      propertyPath: m_LocalPosition.y
      value: -0.000000007752614
      objectReference: {fileID: 0}
    - target: {fileID: 8270198567753275265, guid: 38d0c774b701a34409363f1c985b1062,
        type: 3}
      propertyPath: m_LocalPosition.z
      value: 0.05
      objectReference: {fileID: 0}
    - target: {fileID: 8270198567753275265, guid: 38d0c774b701a34409363f1c985b1062,
        type: 3}
      propertyPath: m_LocalRotation.x
      value: 0
      objectReference: {fileID: 0}
    - target: {fileID: 8270198567753275265, guid: 38d0c774b701a34409363f1c985b1062,
        type: 3}
      propertyPath: m_LocalRotation.z
      value: -0.999688
      objectReference: {fileID: 0}
    - target: {fileID: 8270198567753275265, guid: 38d0c774b701a34409363f1c985b1062,
        type: 3}
      propertyPath: m_LocalRotation.w
      value: 0.024976354
      objectReference: {fileID: 0}
    - target: {fileID: 8270198567753275265, guid: 38d0c774b701a34409363f1c985b1062,
        type: 3}
      propertyPath: m_LocalEulerAnglesHint.z
      value: 0
      objectReference: {fileID: 0}
    - target: {fileID: 8869147596442574352, guid: 38d0c774b701a34409363f1c985b1062,
        type: 3}
      propertyPath: m_LocalPosition.x
      value: 0.18701881
      objectReference: {fileID: 0}
    - target: {fileID: 8869147596442574352, guid: 38d0c774b701a34409363f1c985b1062,
        type: 3}
      propertyPath: m_LocalPosition.y
      value: -0.0000033268793
      objectReference: {fileID: 0}
    - target: {fileID: 8869147596442574352, guid: 38d0c774b701a34409363f1c985b1062,
        type: 3}
      propertyPath: m_LocalRotation.x
      value: 0
      objectReference: {fileID: 0}
    - target: {fileID: 8869147596442574352, guid: 38d0c774b701a34409363f1c985b1062,
        type: 3}
      propertyPath: m_LocalRotation.y
      value: 0
      objectReference: {fileID: 0}
    - target: {fileID: 8869147596442574352, guid: 38d0c774b701a34409363f1c985b1062,
        type: 3}
      propertyPath: m_LocalRotation.z
      value: -0.0002705131
      objectReference: {fileID: 0}
    - target: {fileID: 8869147596442574352, guid: 38d0c774b701a34409363f1c985b1062,
        type: 3}
      propertyPath: m_LocalRotation.w
      value: 1
      objectReference: {fileID: 0}
    - target: {fileID: 8869147596442574352, guid: 38d0c774b701a34409363f1c985b1062,
        type: 3}
      propertyPath: m_LocalEulerAnglesHint.z
      value: 0
      objectReference: {fileID: 0}
    - target: {fileID: 8947777400328411289, guid: 38d0c774b701a34409363f1c985b1062,
        type: 3}
      propertyPath: m_LocalPosition.x
      value: 0.2807223
      objectReference: {fileID: 0}
    - target: {fileID: 8947777400328411289, guid: 38d0c774b701a34409363f1c985b1062,
        type: 3}
      propertyPath: m_LocalPosition.y
      value: -0.045791868
      objectReference: {fileID: 0}
    - target: {fileID: 8947777400328411289, guid: 38d0c774b701a34409363f1c985b1062,
        type: 3}
      propertyPath: m_LocalPosition.z
      value: 0.06
      objectReference: {fileID: 0}
    - target: {fileID: 8947777400328411289, guid: 38d0c774b701a34409363f1c985b1062,
        type: 3}
      propertyPath: m_LocalRotation.x
      value: 0
      objectReference: {fileID: 0}
    - target: {fileID: 8947777400328411289, guid: 38d0c774b701a34409363f1c985b1062,
        type: 3}
      propertyPath: m_LocalRotation.y
      value: 0
      objectReference: {fileID: 0}
    - target: {fileID: 8947777400328411289, guid: 38d0c774b701a34409363f1c985b1062,
        type: 3}
      propertyPath: m_LocalRotation.z
      value: 0.6757835
      objectReference: {fileID: 0}
    - target: {fileID: 8947777400328411289, guid: 38d0c774b701a34409363f1c985b1062,
        type: 3}
      propertyPath: m_LocalRotation.w
      value: 0.73710024
      objectReference: {fileID: 0}
    - target: {fileID: 8947777400328411289, guid: 38d0c774b701a34409363f1c985b1062,
        type: 3}
      propertyPath: m_LocalEulerAnglesHint.z
      value: 0
      objectReference: {fileID: 0}
    m_RemovedComponents: []
  m_SourcePrefab: {fileID: -2506675708454379749, guid: 38d0c774b701a34409363f1c985b1062,
    type: 3}
--- !u!1 &1166370381
GameObject:
  m_ObjectHideFlags: 0
  m_CorrespondingSourceObject: {fileID: 0}
  m_PrefabInstance: {fileID: 0}
  m_PrefabAsset: {fileID: 0}
  serializedVersion: 6
  m_Component:
  - component: {fileID: 1166370383}
  - component: {fileID: 1166370382}
  m_Layer: 0
  m_Name: Global Light 2D
  m_TagString: Untagged
  m_Icon: {fileID: 0}
  m_NavMeshLayer: 0
  m_StaticEditorFlags: 0
  m_IsActive: 1
--- !u!114 &1166370382
MonoBehaviour:
  m_ObjectHideFlags: 0
  m_CorrespondingSourceObject: {fileID: 0}
  m_PrefabInstance: {fileID: 0}
  m_PrefabAsset: {fileID: 0}
  m_GameObject: {fileID: 1166370381}
  m_Enabled: 1
  m_EditorHideFlags: 0
  m_Script: {fileID: 11500000, guid: 073797afb82c5a1438f328866b10b3f0, type: 3}
  m_Name: 
  m_EditorClassIdentifier: 
  m_LightType: 4
  m_BlendStyleIndex: 0
  m_FalloffIntensity: 0.5
  m_Color: {r: 1, g: 1, b: 1, a: 1}
  m_Intensity: 1
  m_LightVolumeOpacity: 0
  m_ApplyToSortingLayers: 00000000
  m_LightCookieSprite: {fileID: 0}
  m_UseNormalMap: 0
  m_LightOrder: 0
  m_AlphaBlendOnOverlap: 0
  m_ShadowIntensity: 0
  m_ShadowVolumeIntensity: 0
  m_PointLightInnerAngle: 360
  m_PointLightOuterAngle: 360
  m_PointLightInnerRadius: 0
  m_PointLightOuterRadius: 1
  m_PointLightDistance: 3
  m_PointLightQuality: 1
  m_ShapeLightParametricSides: 5
  m_ShapeLightParametricAngleOffset: 0
  m_ShapeLightParametricRadius: 1
  m_ShapeLightFalloffSize: 0.5
  m_ShapeLightFalloffOffset: {x: 0, y: 0}
  m_ShapePath:
  - {x: -0.5, y: -0.5, z: 0}
  - {x: 0.5, y: -0.5, z: 0}
  - {x: 0.5, y: 0.5, z: 0}
  - {x: -0.5, y: 0.5, z: 0}
--- !u!4 &1166370383
Transform:
  m_ObjectHideFlags: 0
  m_CorrespondingSourceObject: {fileID: 0}
  m_PrefabInstance: {fileID: 0}
  m_PrefabAsset: {fileID: 0}
  m_GameObject: {fileID: 1166370381}
  m_LocalRotation: {x: 0, y: 0, z: 0, w: 1}
  m_LocalPosition: {x: 0.1519717, y: 0.46836025, z: 0}
  m_LocalScale: {x: 1, y: 1, z: 1}
  m_Children: []
  m_Father: {fileID: 0}
  m_RootOrder: 1
  m_LocalEulerAnglesHint: {x: 0, y: 0, z: 0}
--- !u!1 &1927483626
GameObject:
  m_ObjectHideFlags: 0
  m_CorrespondingSourceObject: {fileID: 0}
  m_PrefabInstance: {fileID: 0}
  m_PrefabAsset: {fileID: 0}
  serializedVersion: 6
  m_Component:
  - component: {fileID: 1927483629}
  - component: {fileID: 1927483628}
  - component: {fileID: 1927483627}
  - component: {fileID: 1927483630}
  m_Layer: 0
  m_Name: Main Camera
  m_TagString: MainCamera
  m_Icon: {fileID: 0}
  m_NavMeshLayer: 0
  m_StaticEditorFlags: 0
  m_IsActive: 1
--- !u!81 &1927483627
AudioListener:
  m_ObjectHideFlags: 0
  m_CorrespondingSourceObject: {fileID: 0}
  m_PrefabInstance: {fileID: 0}
  m_PrefabAsset: {fileID: 0}
  m_GameObject: {fileID: 1927483626}
  m_Enabled: 1
--- !u!20 &1927483628
Camera:
  m_ObjectHideFlags: 0
  m_CorrespondingSourceObject: {fileID: 0}
  m_PrefabInstance: {fileID: 0}
  m_PrefabAsset: {fileID: 0}
  m_GameObject: {fileID: 1927483626}
  m_Enabled: 1
  serializedVersion: 2
  m_ClearFlags: 1
  m_BackGroundColor: {r: 0.19215687, g: 0.3019608, b: 0.4745098, a: 0}
  m_projectionMatrixMode: 1
  m_GateFitMode: 2
  m_FOVAxisMode: 0
  m_SensorSize: {x: 36, y: 24}
  m_LensShift: {x: 0, y: 0}
  m_FocalLength: 50
  m_NormalizedViewPortRect:
    serializedVersion: 2
    x: 0
    y: 0
    width: 1
    height: 1
  near clip plane: 0.3
  far clip plane: 1000
  field of view: 60
  orthographic: 1
  orthographic size: 5
  m_Depth: -1
  m_CullingMask:
    serializedVersion: 2
    m_Bits: 4294967295
  m_RenderingPath: -1
  m_TargetTexture: {fileID: 0}
  m_TargetDisplay: 0
  m_TargetEye: 3
  m_HDR: 1
  m_AllowMSAA: 1
  m_AllowDynamicResolution: 0
  m_ForceIntoRT: 0
  m_OcclusionCulling: 1
  m_StereoConvergence: 10
  m_StereoSeparation: 0.022
--- !u!4 &1927483629
Transform:
  m_ObjectHideFlags: 0
  m_CorrespondingSourceObject: {fileID: 0}
  m_PrefabInstance: {fileID: 0}
  m_PrefabAsset: {fileID: 0}
  m_GameObject: {fileID: 1927483626}
  m_LocalRotation: {x: 0, y: 0, z: 0, w: 1}
  m_LocalPosition: {x: 0, y: 0, z: -10}
  m_LocalScale: {x: 1, y: 1, z: 1}
  m_Children: []
  m_Father: {fileID: 0}
  m_RootOrder: 0
  m_LocalEulerAnglesHint: {x: 0, y: 0, z: 0}
--- !u!114 &1927483630
MonoBehaviour:
  m_ObjectHideFlags: 0
  m_CorrespondingSourceObject: {fileID: 0}
  m_PrefabInstance: {fileID: 0}
  m_PrefabAsset: {fileID: 0}
  m_GameObject: {fileID: 1927483626}
  m_Enabled: 1
  m_EditorHideFlags: 0
  m_Script: {fileID: 11500000, guid: a79441f348de89743a2939f4d699eac1, type: 3}
  m_Name: 
  m_EditorClassIdentifier: 
  m_RenderShadows: 1
  m_RequiresDepthTextureOption: 2
  m_RequiresOpaqueTextureOption: 2
  m_CameraType: 0
  m_CameraOutput: 0
  m_Cameras: []
  m_RendererIndex: -1
  m_VolumeLayerMask:
    serializedVersion: 2
    m_Bits: 1
  m_VolumeTrigger: {fileID: 0}
  m_RenderPostProcessing: 0
  m_Antialiasing: 0
  m_AntialiasingQuality: 2
  m_StopNaN: 0
  m_Dithering: 0
  m_RequiresDepthTexture: 0
  m_RequiresColorTexture: 0
  m_Version: 2
